@online{PostHistory,
  author       = {William T. Colson},
  title        = {POST2 History},
  url          = {https://www.nasa.gov/post2/history/},
  journal      = {Program to Optimize Simulated Trajectories II},
  organization = {NASA},
  date         = {2023-10-30},
  urldate      = {2024-05-18}
} 

@online{PostApp,
  author       = {William T. Colson},
  title        = {POST2 Applications},
  url          = {https://www.nasa.gov/post2/applications/},
  journal      = {Program to Optimize Simulated Trajectories II},
  organization = {NASA},
  date         = {2023-10-31},
  urldate      = {2024-05-18}
} 

@manual{PostFormulation,
  subtitle     = {Formulation manual},
  title        = {Program to Optimize Simulated Trajectories (POST)},
  volume       = {1},
  volumes      = {3},
  url          = {https://ntrs.nasa.gov/api/citations/19750024073/downloads/19750024073.pdf},
  urldate      = {2024-05-18},
  author       = {Brauer, G. L. and Cornick, D. E. and Habeger, A. R. and Petersen, F. M. and Stevenson, R.},
  date         = {1975-04-01},
  organization = {NASA}
}

@manual{PostUtilization,
  subtitle     = {Utilization manual},
  title        = {Program to Optimize Simulated Trajectories (POST)},
  volume       = {2},
  volumes      = {3},
  url          = {https://ntrs.nasa.gov/api/citations/19750024074/downloads/19750024074.pdf},
  urldate      = {2024-05-18},
  author       = {Brauer, G. L. and Cornick, D. E. and Habeger, A. R. and Petersen, F. M. and Stevenson, R.},
  date         = {1975-04-01},
  organization = {NASA}
}

@manual{PostProgrammers,
  subtitle     = {Programmer's manual},
  title        = {Program to Optimize Simulated Trajectories (POST)},
  volume       = {3},
  volumes      = {3},
  url          = {https://ntrs.nasa.gov/api/citations/19750024075/downloads/19750024075.pdf},
  urldate      = {2024-05-18},
  author       = {Brauer, G. L. and Cornick, D. E. and Habeger, A. R. and Petersen, F. M. and Stevenson, R.},
  date         = {1975-04-01},
  organization = {NASA}
}

@manual{PostSummary,
  subtitle     = {Program summary document},
  title        = {Capabilities and applications of the Program to Optimize Simulated Trajectories (POST)},
  url          = {https://ntrs.nasa.gov/api/citations/19770012832/downloads/19770012832.pdf},
  urldate      = {2024-05-18},
  author       = {Brauer, G. L. and Cornick, D. E. and Stevenson, R.},
  date         = {1977-02-01},
  organization = {NASA}
}

@manual{Post6DFormulations,
  subtitle     = {Formulation manual},
  title        = {Six-degree-of-freedom program to optimize simulated trajectories (6D POST)},
  volume       = {1},
  volumes      = {3},
  url          = {https://ntrs.nasa.gov/api/citations/19760006045/downloads/19760006045.pdf},
  urldate      = {2024-05-18},
  author       = {Brauer, G. L. and Habeger, A. R. and Stevenson, R.},
  date         = {1974-11-01},
  organization = {NASA}
}

@manual{Post3D,
  title        = {Parallelization of Program to Optimize Simulated Trajectories (POST3D)},
  url          = {https://ntrs.nasa.gov/api/citations/20020004355/downloads/20020004355.pdf},
  urldate      = {2024-05-18},
  author       = {Hammond, Data P. and Korte, John J.},
  date         = {2001-11-01},
  organization = {NASA}
}

@manual{IPOSTUsers,
  subtitle     = {User's guide},
  title        = {Interplanetary Program to Optimize Simulated Trajectories (IPOST)},
  volume       = {1},
  volumes      = {4},
  url          = {https://ntrs.nasa.gov/api/citations/19930005605/downloads/19930005605.pdf},
  urldate      = {2024-05-18},
  author       = {Hong, P. E. and Kent, P. D. and Olson, D. W. and Vallaco, C. A.},
  date         = {1992-10-01},
  organization = {NASA}
}

@manual{IPOSTAnalytic,
  subtitle     = {Analytic manual},
  title        = {Interplanetary Program to Optimize Simulated Trajectories (IPOST)},
  volume       = {2},
  volumes      = {4},
  url          = {https://ntrs.nasa.gov/api/citations/19930010932/downloads/19930010932.pdf},
  urldate      = {2024-05-18},
  author       = {Hong, P. E. and Kent, P. D. and Olson, D. W. and Vallaco, C. A.},
  date         = {1992-10-01},
  organization = {NASA}
}

@manual{IPOSTProgrammers,
  subtitle     = {Programmer's manual},
  title        = {Interplanetary Program to Optimize Simulated Trajectories (IPOST)},
  volume       = {3},
  volumes      = {4},
  url          = {https://ntrs.nasa.gov/api/citations/19930005541/downloads/19930005541.pdf},
  urldate      = {2024-05-18},
  author       = {Hong, P. E. and Kent, P. D. and Olson, D. W. and Vallaco, C. A.},
  date         = {1992-10-01},
  organization = {NASA}
}

@manual{IPOSTSample,
  subtitle     = {Sample cases},
  title        = {Interplanetary Program to Optimize Simulated Trajectories (IPOST)},
  volume       = {4},
  volumes      = {4},
  url          = {https://ntrs.nasa.gov/api/citations/19930005579/downloads/19930005579.pdf},
  urldate      = {2024-05-18},
  author       = {Hong, P. E. and Kent, P. D. and Olson, D. W. and Vallaco, C. A.},
  date         = {1992-10-01},
  organization = {NASA}
}

@online{BenchmarksGame,
  author  = {Isaac Gouy},
  title   = {Measure "Which programming language is fastest?"},
  url     = {https://benchmarksgame-team.pages.debian.net/benchmarksgame/},
  date    = {2024-04-05},
  urldate = {2024-05-18}
}

@online{Benchmarks,
  title   = {C VS Rust benchmarks},
  author  = {hanabi1224},
  url     = {https://programming-language-benchmarks.vercel.app/c-vs-rust},
  date    = {2024-02-01},
  urldate = {2024-05-18}
}

@misc{StackOverflow2023,
  author  = {{Stack Overflow}},
  title   = {Stack Overflow Developer Survey 2023},
  url     = {https://survey.stackoverflow.co/2023/#technology-admired-and-desired},
  urldate = {2021-05-02},
  year    = {2023},
  month   = {05}
}